<record><leader>00000cas a2200000 i 4500</leader><controlfield tag="001">861810083</controlfield><controlfield tag="008">131031c20139999nyudn ne      0    0eng c</controlfield><datafield ind1=" " ind2=" " tag="010"><subfield code="a">  2013254386</subfield></datafield><datafield ind1=" " ind2=" " tag="040"><subfield code="a">CUS</subfield><subfield code="b">eng</subfield><subfield code="e">rda</subfield><subfield code="c">CUS</subfield><subfield code="d">IUL</subfield><subfield code="d">OCLCF</subfield></datafield><datafield ind1=" " ind2=" " tag="019"><subfield code="a">860814328</subfield><subfield code="a">861231257</subfield></datafield><datafield ind1=" " ind2=" " tag="022"><subfield code="a">2269-9740</subfield><subfield code="l">2269-9740</subfield><subfield code="2">7</subfield></datafield><datafield ind1="1" ind2=" " tag="029"><subfield code="a">AU@</subfield><subfield code="b">000052164994</subfield></datafield><datafield ind1=" " ind2=" " tag="042"><subfield code="a">pcc</subfield></datafield><datafield ind1="1" ind2="4" tag="050"><subfield code="a">DC701</subfield><subfield code="b">.I57</subfield></datafield><datafield ind1=" " ind2="0" tag="222"><subfield code="a">International New York Times</subfield></datafield><datafield ind1="0" ind2="0" tag="245"><subfield code="a">International New York times.</subfield></datafield><datafield ind1=" " ind2="1" tag="264"><subfield code="a">New York, NY :</subfield><subfield code="b">New York Times Company,</subfield><subfield code="c">2013-</subfield></datafield><datafield ind1=" " ind2=" " tag="300"><subfield code="a">volumes :</subfield><subfield code="b">illustrations ;</subfield><subfield code="c">56 cm.</subfield></datafield><datafield ind1=" " ind2=" " tag="310"><subfield code="a">Daily (except Sundays, May Day, Christmas and New Year's Day)</subfield></datafield><datafield ind1=" " ind2=" " tag="336"><subfield code="a">text</subfield><subfield code="b">txt</subfield><subfield code="2">rdacontent</subfield></datafield><datafield ind1=" " ind2=" " tag="337"><subfield code="a">unmediated</subfield><subfield code="b">n</subfield><subfield code="2">rdamedia</subfield></datafield><datafield ind1=" " ind2=" " tag="338"><subfield code="a">volume</subfield><subfield code="b">nc</subfield><subfield code="2">rdacarrier</subfield></datafield><datafield ind1="1" ind2=" " tag="362"><subfield code="a">Began with No. 40,619 (October 15, 2013).</subfield></datafield><datafield ind1=" " ind2=" " tag="500"><subfield code="a">Edited from Paris, London, Hong Kong, and New York.</subfield></datafield><datafield ind1=" " ind2=" " tag="515"><subfield code="a">First issue also called "Premier edition."</subfield></datafield><datafield ind1=" " ind2=" " tag="588"><subfield code="a">Description based on: No. 40,619 (October 15, 2013); title from masthead.</subfield></datafield><datafield ind1=" " ind2=" " tag="588"><subfield code="a">Latest issue consulted: No. 40,621 (October 17, 2013).</subfield></datafield><datafield ind1=" " ind2="0" tag="650"><subfield code="a">Foreign news</subfield><subfield code="z">New York (State)</subfield><subfield code="z">New York</subfield><subfield code="v">Newspapers.</subfield></datafield><datafield ind1=" " ind2="7" tag="655"><subfield code="a">Newspapers.</subfield><subfield code="2">fast</subfield><subfield code="0">(OCoLC)fst01423814</subfield></datafield><datafield ind1=" " ind2="7" tag="650"><subfield code="a">Foreign news.</subfield><subfield code="2">fast</subfield><subfield code="0">(OCoLC)fst00931863</subfield></datafield><datafield ind1=" " ind2="7" tag="651"><subfield code="a">New York (State)</subfield><subfield code="z">New York.</subfield><subfield code="2">fast</subfield><subfield code="0">(OCoLC)fst01204333</subfield></datafield><datafield ind1=" " ind2=" " tag="752"><subfield code="a">United States</subfield><subfield code="b">New York</subfield><subfield code="c">New York</subfield><subfield code="d">New York</subfield></datafield><datafield ind1="0" ind2="0" tag="780"><subfield code="t">International herald tribune</subfield><subfield code="x">0294-8052</subfield><subfield code="w">(DLC)sn 86013905</subfield><subfield code="w">(OCoLC)6906145</subfield></datafield><datafield ind1="0" ind2=" " tag="787"><subfield code="t">New York times</subfield><subfield code="x">0362-4331</subfield><subfield code="w">(DLC)sn 78004456</subfield><subfield code="w">(OCoLC)1645522</subfield></datafield><datafield ind1="4" ind2="1" tag="856"><subfield code="u">http://international.nytimes.com/</subfield></datafield></record>